<record><leader>00000cas a22000007a 4500</leader><controlfield tag="001">14198320</controlfield><controlfield tag="008">860909d19uu19uutxuwr ne      0    0eng d</controlfield><datafield ind1=" " ind2=" " tag="010"><subfield code="a">sn 86088929 </subfield></datafield><datafield ind1=" " ind2=" " tag="040"><subfield code="a">PPM</subfield><subfield code="b">eng</subfield><subfield code="c">PPM</subfield><subfield code="d">OCLCQ</subfield></datafield><datafield ind1=" " ind2=" " tag="042"><subfield code="a">msc</subfield></datafield><datafield ind1="0" ind2="4" tag="245"><subfield code="a">The Gilmer weekly mirror.</subfield></datafield><datafield ind1=" " ind2=" " tag="260"><subfield code="a">Gilmer, Tex. :</subfield><subfield code="b">Mirror Pub. Co.</subfield></datafield><datafield ind1=" " ind2=" " tag="300"><subfield code="a">v. :</subfield><subfield code="b">ill.</subfield></datafield><datafield ind1=" " ind2=" " tag="310"><subfield code="a">Weekly</subfield></datafield><datafield ind1=" " ind2=" " tag="515"><subfield code="a">Continues numbering of: The Mirror.</subfield></datafield><datafield ind1=" " ind2=" " tag="588"><subfield code="a">Description based on: Vol. 38, no. 49 (May 28, 1914).</subfield></datafield><datafield ind1=" " ind2=" " tag="752"><subfield code="a">United States</subfield><subfield code="b">Texas</subfield><subfield code="c">Upshur</subfield><subfield code="d">Gilmer.</subfield></datafield><datafield ind1="0" ind2="0" tag="780"><subfield code="t">Mirror</subfield></datafield><datafield ind1="0" ind2="0" tag="785"><subfield code="t">Gilmer mirror</subfield></datafield></record>